@inproceedings{kaisers2011multi,
  title={Multi-agent learning and the reinforcement gradient},
  author={Kaisers, Michael and Bloembergen, Daan and Tuyls, Karl},
  booktitle={European Workshop on Multi-Agent Systems},
  pages={145--159},
  year={2011},
  organization={Springer}
}

@article{tuyls2018symmetric,
  title={Symmetric decomposition of asymmetric games},
  author={Tuyls, Karl and Perolat, Julien and Lanctot, Marc and Ostrovski, Georg and Savani, Rahul and Leibo, Joel Z and Ord, Toby and Graepel, Thore and Legg, Shane},
  journal={Scientific reports},
  volume={8},
  number={1},
  pages={1--20},
  year={2018},
  publisher={Nature Publishing Group}
}

@article{SANDHOLM1996147,
title = "Multiagent reinforcement learning in the Iterated Prisoner's Dilemma",
journal = "Biosystems",
volume = "37",
number = "1",
pages = "147 - 166",
year = "1996",
issn = "0303-2647",
doi = "https://doi.org/10.1016/0303-2647(95)01551-5",
url = "http://www.sciencedirect.com/science/article/pii/0303264795015515",
author = "Tuomas W. Sandholm and Robert H. Crites",
keywords = "Multiagent learning, Reinforcement learning, Machine learning, Prisoner's Dilemma, Recurrent neural network, Exploration"
}

@misc{lanctot2019openspiel,
    title={OpenSpiel: A Framework for Reinforcement Learning in Games},
    author={Marc Lanctot and Edward Lockhart and Jean-Baptiste Lespiau and Vinicius Zambaldi and Satyaki Upadhyay and Julien Pérolat and Sriram Srinivasan and Finbarr Timbers and Karl Tuyls and Shayegan Omidshafiei and Daniel Hennes and Dustin Morrill and Paul Muller and Timo Ewalds and Ryan Faulkner and János Kramár and Bart De Vylder and Brennan Saeta and James Bradbury and David Ding and Sebastian Borgeaud and Matthew Lai and Julian Schrittwieser and Thomas Anthony and Edward Hughes and Ivo Danihelka and Jonah Ryan-Davis},
    year={2019},
    eprint={1908.09453},
    archivePrefix={arXiv},
    primaryClass={cs.LG}
}

@article{rlforpd,
    author = {Harper, Marc AND Knight, Vincent AND Jones, Martin AND Koutsovoulos, Georgios AND Glynatsi, Nikoleta E. AND Campbell, Owen},
    journal = {PLOS ONE},
    publisher = {Public Library of Science},
    title = {Reinforcement learning produces dominant strategies for the Iterated Prisoner’s Dilemma},
    year = {2017},
    month = {12},
    volume = {12},
    url = {https://doi.org/10.1371/journal.pone.0188046},
    pages = {1-33},
    number = {12},
    doi = {10.1371/journal.pone.0188046}
}

@Book{mas,
author = {Yoav Shoham AND Kevin Leyton-Brown},
title = {Multi-agent systems: Algorithmic, Game-Theoretic,and Logical Foundations},
year = {2009},
OPTedition = {1.1},
}

@phdthesis{phdthesis,
author = {Bloembergen, Daan},
year = {2015},
month = {05},
pages = {},
title = {Multi-agent learning dynamics}
}

@article{Ohtsuki2006TheRE,
  title={The replicator equation on graphs.},
  author={Hisashi Ohtsuki and Martin A. Nowak},
  journal={Journal of theoretical biology},
  year={2006},
  volume={243 1},
  pages={
          86-97
        }
}

@article{bloembergenmaster,
  title={Analyzing Reinforcement Learning algorithms using Evolutionary Game Theory},
  author={Daan Bloembergen},
  journal={Journal of theoretical biology},
  year={2010}
}

@article{evoldynamics,
  title={Evolutionary Dynamics of Multi-Agent Learning:A Survey},
  author={Daan Bloembergen AND Karl Tuyls AND Daniel Hennes AND Michael Kaisers},
  journal={Journal of Artificial Intelligence Research},
  year={2015}
}


@InProceedings{extrepl,
author="Tuyls, Karl
and Heytens, Dries
and Nowe, Ann
and Manderick, Bernard",
editor="Lavra{\v{c}}, Nada
and Gamberger, Dragan
and Blockeel, Hendrik
and Todorovski, Ljup{\v{c}}o",
title="Extended Replicator Dynamics as a Key to Reinforcement Learning in Multi-agent Systems",
booktitle="Machine Learning: ECML 2003",
year="2003",
publisher="Springer Berlin Heidelberg",
address="Berlin, Heidelberg",
pages="421--431"
}

@misc{dulacarnold2015deep,
    title={Deep Reinforcement Learning in Large Discrete Action Spaces},
    author={Gabriel Dulac-Arnold and Richard Evans and Hado van Hasselt and Peter Sunehag and Timothy Lillicrap and Jonathan Hunt and Timothy Mann and Theophane Weber and Thomas Degris and Ben Coppin},
    year={2015},
    eprint={1512.07679},
    archivePrefix={arXiv},
    primaryClass={cs.AI}
}

@InProceedings{poker,
author="Te{\'o}filo, Lu{\'i}s Filipe
and Passos, Nuno
and Reis, Lu{\'i}s Paulo
and Cardoso, Henrique Lopes",
editor="Kamel, Mohamed
and Karray, Fakhri
and Hagras, Hani",
title="Adapting Strategies to Opponent Models in Incomplete Information Games: A Reinforcement Learning Approach for Poker",
booktitle="Autonomous and Intelligent Systems",
year="2012",
publisher="Springer Berlin Heidelberg",
address="Berlin, Heidelberg",
pages="220--227",
isbn="978-3-642-31368-4"
}



